<?xml version="1.0" encoding="UTF-8"?><record xmlns="http://www.loc.gov/MARC21/slim" xmlns:cinclude="http://apache.org/cocoon/include/1.0" xmlns:zs="http://www.loc.gov/zing/srw/">
  <leader>00586nz  a2200133n  4500</leader>
  <controlfield tag="001">nr2003024305</controlfield>
  <controlfield tag="003">DLC</controlfield>
  <controlfield tag="005">20030729033126.0</controlfield>
  <controlfield tag="008">030725n| acannaabn          |n aaa     c</controlfield>
  <datafield tag="010" ind1=" " ind2=" ">
    <subfield code="a">nr2003024305</subfield>
  </datafield>
  <datafield tag="040" ind1=" " ind2=" ">
    <subfield code="a">UkOxU</subfield>
    <subfield code="b">eng</subfield>
    <subfield code="c">UkOxU</subfield>
  </datafield>
  <datafield tag="100" ind1="1" ind2=" ">
    <subfield code="a">Beaumont, Nicola J.</subfield>
    <subfield code="q">(Nicola Jane),</subfield>
    <subfield code="d">1975-</subfield>
  </datafield>
  <datafield tag="670" ind1=" " ind2=" ">
    <subfield code="a">Cost-effective reduction of copper pollution in the Humber estuary, 2003:</subfield>
    <subfield code="b">t.p. (Nicola J. Beaumont; Centre for Soc. and Econ. Research on the Global Environ., Univ. of East Anglia; Plymouth Marine Lab.)</subfield>
  </datafield>
  <datafield tag="670" ind1=" " ind2=" ">
    <subfield code="a">E-mail from author, July 22, 2003</subfield>
    <subfield code="b">(Dr. Nicola Jane Beaumont; b. May 28, 1975)</subfield>
  </datafield>
</record>